<record><leader>00000cas a22000007a 4500</leader><controlfield tag="001">10657256</controlfield><controlfield tag="008">840424d18431845ctuwr ne      0   a0eng d</controlfield><datafield ind1=" " ind2=" " tag="010"><subfield code="a">sn 84025778 </subfield></datafield><datafield ind1=" " ind2=" " tag="040"><subfield code="a">NPV</subfield><subfield code="b">eng</subfield><subfield code="c">NPV</subfield><subfield code="d">PPM</subfield><subfield code="d">CNW</subfield><subfield code="d">DLC</subfield><subfield code="d">OCL</subfield><subfield code="d">OCLCF</subfield><subfield code="d">OCLCO</subfield></datafield><datafield ind1=" " ind2=" " tag="042"><subfield code="a">msc</subfield></datafield><datafield ind1="0" ind2=" " tag="130"><subfield code="a">Christian freeman (Hartford, Conn.)</subfield></datafield><datafield ind1="0" ind2="0" tag="245"><subfield code="a">Christian freeman.</subfield></datafield><datafield ind1=" " ind2=" " tag="260"><subfield code="a">Hartford, [Conn.] :</subfield><subfield code="b">J. Brewer, I. Codding, and S.M. Booth,</subfield></datafield><datafield ind1=" " ind2=" " tag="300"><subfield code="a">v.</subfield></datafield><datafield ind1=" " ind2=" " tag="310"><subfield code="a">Weekly</subfield></datafield><datafield ind1="0" ind2=" " tag="362"><subfield code="a">Vol. 1, no. 1 (Jan. 6, 1843)-v. 3, no. 52 (Dec. 25, 1845).</subfield></datafield><datafield ind1=" " ind2=" " tag="500"><subfield code="a">Publishers: William H. Burleigh, &lt;Oct. 12, 1843&gt;-1844; W.H. Burleigh &amp; S.M. Booth, 1845.</subfield></datafield><datafield ind1=" " ind2=" " tag="580"><subfield code="a">Monthly ed.: Charter oak (Hartford, Conn. : 1838), 1843-184 .</subfield></datafield><datafield ind1=" " ind2="0" tag="650"><subfield code="a">Antislavery movements</subfield><subfield code="z">United States</subfield><subfield code="v">Newspapers.</subfield></datafield><datafield ind1=" " ind2="7" tag="655"><subfield code="a">Newspapers.</subfield><subfield code="2">fast</subfield><subfield code="0">(OCoLC)fst01423814</subfield></datafield><datafield ind1=" " ind2="7" tag="650"><subfield code="a">Antislavery movements.</subfield><subfield code="2">fast</subfield><subfield code="0">(OCoLC)fst00810800</subfield></datafield><datafield ind1=" " ind2="7" tag="651"><subfield code="a">United States.</subfield><subfield code="2">fast</subfield><subfield code="0">(OCoLC)fst01204155</subfield></datafield><datafield ind1=" " ind2=" " tag="752"><subfield code="a">United States</subfield><subfield code="b">Connecticut</subfield><subfield code="c">Hartford</subfield><subfield code="d">Hartford.</subfield></datafield><datafield ind1="0" ind2=" " tag="775"><subfield code="t">Charter oak (Hartford, Conn. : 1838)</subfield><subfield code="w">(DLC)sn 84023079</subfield><subfield code="w">(OCoLC)5910546</subfield></datafield><datafield ind1="0" ind2="0" tag="785"><subfield code="t">Charter oak (Hartford, Conn. : 1846)</subfield><subfield code="w">(DLC) sn 92051242</subfield></datafield></record>